@inproceedings{VON,
  title={Visual Object Networks: Image Generation with Disentangled 3{D} Representations},
  author={Jun-Yan Zhu and Zhoutong Zhang and Chengkai Zhang and Jiajun Wu and Antonio Torralba and Joshua B. Tenenbaum and William T. Freeman},
  booktitle={Advances in Neural Information Processing Systems (NeurIPS)},
  year={2018}
}

@inproceedings{Almahairi2018AugmentedCL,
  title={Augmented CycleGAN: Learning Many-to-Many Mappings from Unpaired Data},
  author={Amjad Almahairi and Sai Rajeswar and Alessandro Sordoni and Philip Bachman and Aaron C. Courville},
  booktitle={ICML},
  year={2018}
}

@InProceedings{kato2019vpl,
    title={Learning View Priors for Single-view 3D Reconstruction},
    author={Hiroharu Kato and Tatsuya Harada},
    booktitle={The IEEE Conference on Computer Vision and Pattern Recognition (CVPR)},
    year={2019}
}

@article{Wu2019DisentanglingCA,
  title={Disentangling Content and Style via Unsupervised Geometry Distillation},
  author={Wayne Wu and Kaidi Cao and Cheng Li and Chen Qian and Chen Change Loy},
  journal={ArXiv},
  year={2019},
  volume={abs/1905.04538}
}

@inproceedings{OechsleICCV2019,
    title = {Texture Fields: Learning Texture Representations in Function Space},
    author = {Oechsle, Michael and Mescheder,Lars and Niemeyer, Michael and Strauss, Thilo and Geiger, Andreas},
    booktitle = {Proceedings IEEE International Conf. on Computer Vision (ICCV)},
    year = {2019}
}

@inproceedings{chen2019mono,
  title={Monocular Neural Image Based Rendering with Continuous View Control},
  author={Chen, Xu and Song, Jie and Hilliges, Otmar},
  month={Oct},
  year= {2019},
  booktitle = {Proceedings IEEE International Conf. on Computer Vision (ICCV)},
}
